
@misc{AIevolutionInGames,
author = {Dylan Cattelani},
date-added = {2019-12-07 17:58:08 +0100},
date-modified = {2022-11-06},
howpublished = {\url{https://medium.com/@DylanCa_/evolution-of-ai-in-video-games-from-1980-to-today-e3344acaed4c}},
month = {December},
title = {Evolution of AI in Video-Games from 1980 to Today},
year = {2019}}

@misc{AIevolution,
author = {Niharika Ayyagarii},
date-added = {2020-02-27},
date-modified = {2022-11-06},
howpublished = {\url{https://verloop.io/blog/the-timeline-of-artificial-intelligence-from-the-1940s/}},
month = {February},
title = {The Timeline of Artificial Intelligence â€“ From the 1940s},
year = {2020}}

@misc{AIinComputerGames,
author = {Alexander Nareyeki},
date-added = {2004-02-01},
date-modified = {2022-11-06},
howpublished = {\url{https://dl.acm.org/doi/pdf/10.1145/971564.971593}},
month = {February},
title = {AI in Computer Games},
year = {2004}}

@misc{AI,
author = {SAS Insights},

date-modified = {2022-11-06},
howpublished = {\url{https://www.sas.com/en_us/insights/analytics/what-is-artificial-intelligence.html}},

title = {Artificial Intelligence 
What it is and why it matters},
}

